@online{DFS,
      author  = {{Wikipedia contributors}},
      title   = {Depth-first search},
      year    = {2025},
      month   = may,
      url     = {https://en.wikipedia.org/wiki/Depth-first_search},
}

@online{BFS,
      author  = {{Wikipedia contributors}},
      title   = {Breadth-first search},
      year    = {2025},
      month   = may,
      url     = {https://en.wikipedia.org/wiki/Breadth-first_search},
}
